@misc{flops,
  author       = {University Information Technology Services},
  howpublished = {\url{https://kb.iu.edu/d/apeq}},
  title        = {Understand measures of supercomputer performance and storage system capacity},
  year         = {2023}
}
@misc{SIMD-and-MIMD,
  author       = {Kiran Kumar Panigrahi },
  organization = {tutorialspoint},
  howpublished = {\url{https://www.tutorialspoint.com/difference-between-simd-and-mimd}},
  title        = {Difference Between SIMD and MIMD},
  year         = {2022}
}