@misc{flops,
  author       = {University Information Technology Services},
  howpublished = {\url{https://kb.iu.edu/d/apeq}},
  title        = {Understand measures of supercomputer performance and storage system capacity},
  year         = {2023}
}